<?xml version="1.0" encoding="UTF-8"?><collection xmlns="http://www.loc.gov/MARC21/slim"><record><leader>00474nam--2200169-i-4500</leader><controlfield tag="001">000026892</controlfield><controlfield tag="002">20161230</controlfield><controlfield tag="005">20161230201036</controlfield><controlfield tag="008">060222s1000------------r-----000-0-eng-d</controlfield><datafield ind1=" " ind2=" " tag="040"><subfield code="a">IFIN-HH</subfield></datafield><datafield ind1=" " ind2=" " tag="080"><subfield code="a">533.5</subfield></datafield><datafield ind1="1" ind2=" " tag="100"><subfield code="a">Kohl, Walter H</subfield></datafield><datafield ind1="1" ind2="0" tag="245"><subfield code="a">Handbook of materials and techniques for vacuum devices</subfield><subfield code="c">Walter h. kohl</subfield></datafield><datafield ind1=" " ind2=" " tag="260"><subfield code="a">New York</subfield><subfield code="b">Reinhold Publishing Corporation</subfield><subfield code="c">1967</subfield></datafield><datafield ind1=" " ind2=" " tag="300"><subfield code="a">XIII + 623P</subfield></datafield><datafield ind1=" " ind2=" " tag="852"><subfield code="a">26911</subfield><subfield code="c">621.52</subfield></datafield><datafield ind1=" " ind2=" " tag="CAT"><subfield code="a">Sys</subfield><subfield code="c">20130620</subfield><subfield code="h">160435</subfield></datafield></record></collection>